@article{ZIMMET201456,
title = {Diabetes: a 21st century challenge},
journal = {The Lancet Diabetes & Endocrinology},
volume = {2},
number = {1},
pages = {56-64},
year = {2014},
issn = {2213-8587},
doi = {https://doi.org/10.1016/S2213-8587(13)70112-8},
url = {https://www.sciencedirect.com/science/article/pii/S2213858713701128},
author = {Paul Z Zimmet and Dianna J Magliano and William H Herman and Jonathan E Shaw}
}

@article{Robledo,
author = {Rebolledo, F.},
year = {2008},
month = {01},
pages = {5-6},
journal={Plasticidad y Restauración Neurológica},
title = {The most serious diabetes complications: Diabetes kills without distinction},
volume = {7}
}

